<Document xmlns="urn:iso:std:iso:20022:tech:xsd:camt.054.001.08">
    <BkToCstmrDbtCdtNtfctn>
        <GrpHdr>
            <MsgId>MSG83502</MsgId>
            <CreDtTm>2024-01-25T06:01:04</CreDtTm>
            <AddtlInf>Additional Information</AddtlInf>
        </GrpHdr>
        <Ntfctn>
            <Id>Notification1</Id>
            <CreDtTm>2024-01-25T06:01:04</CreDtTm>
            <Acct>
                <Id>
                    <IBAN>GB33BUKB20201514789390</IBAN>
                </Id>
                <Ccy>EUR</Ccy>
                <Tp>
                    <CdOrPrtry>
                        <Cd>CASH</Cd>
                    </CdOrPrtry>
                </Tp>
            </Acct>
            <Ntry>
                <Amt Ccy="EUR">6103.33</Amt>
                <CdtDbtInd>CRDT</CdtDbtInd>
                <Sts>BOOK</Sts>
                <BookgDt>
                    <Dt>2024-01-25</Dt>
                </BookgDt>
                <ValDt>
                    <Dt>2024-01-25</Dt>
                </ValDt>
                <AcctSvcrRef>17702359</AcctSvcrRef>
                <BkTxCd>
                    <Prtry>
                        <Cd>PMNT</Cd>
                        <Issr>ABC Bank</Issr>
                    </Prtry>
                </BkTxCd>
                <NtryDtls>
                    <Btch>
                        <PmtInfId>Payment30</PmtInfId>
                        <NbOfTxs>1</NbOfTxs>
                        <TtlAmt Ccy="EUR">6103.33</TtlAmt>
                    </Btch>
                </NtryDtls>
            </Ntry>
        </Ntfctn>
    </BkToCstmrDbtCdtNtfctn>
</Document>
